<record><leader>00000cas a22000007a 4500</leader><controlfield tag="001">13024164</controlfield><controlfield tag="008">860115d19331935aluwr ne      0    0eng d</controlfield><datafield ind1=" " ind2=" " tag="010"><subfield code="a">sn 86050007 </subfield></datafield><datafield ind1=" " ind2=" " tag="040"><subfield code="a">AAR</subfield><subfield code="b">eng</subfield><subfield code="c">AAR</subfield><subfield code="d">CPN</subfield><subfield code="d">OCLCQ</subfield></datafield><datafield ind1=" " ind2=" " tag="042"><subfield code="a">msc</subfield></datafield><datafield ind1="0" ind2="4" tag="245"><subfield code="a">The Crenshaw county democrat.</subfield></datafield><datafield ind1=" " ind2=" " tag="260"><subfield code="a">Luverne, Ala. :</subfield><subfield code="b">J.T. Carter,</subfield><subfield code="c">1933-1935.</subfield></datafield><datafield ind1=" " ind2=" " tag="300"><subfield code="a">v. ;</subfield><subfield code="c">56-60 cm.</subfield></datafield><datafield ind1=" " ind2=" " tag="310"><subfield code="a">Weekly</subfield></datafield><datafield ind1="0" ind2=" " tag="362"><subfield code="a">Vol. 1, no. 51 (Aug. 24, 1933)-v. 3, no. 20 (Feb. 20, 1935).</subfield></datafield><datafield ind1=" " ind2=" " tag="752"><subfield code="a">United States</subfield><subfield code="b">Alabama</subfield><subfield code="c">Crenshaw</subfield><subfield code="d">Luverne.</subfield></datafield><datafield ind1="0" ind2="0" tag="780"><subfield code="t">Luverne democrat</subfield><subfield code="w">(DLC)sn 86050006</subfield></datafield></record>